@PhdThesis{These,
author = {Caroline ROZAIN},
title = {Développement de nouveaux matériaux d'électrodes pour la production d'hydrogène par électrolyse de l'eau},
school = {Université Paris Sud, Paris XI},
year = {2013},
}
@misc{Toyota ,
author={Toyota},
title={La Toyota Miraï},
howpublished ={\url{
https://www.toyota.fr/new-cars/new-mirai/landing.json}},
year = {2015}
}

@misc{Spatial ,
author={Paul CULTRERA},
title={Les piles à combustibles},
howpublished ={\url{
http://www.de-la-terre-a-la-lune.com/apollo.php?page=technos\_cm\_piles\_a\_combustible}},
year = {2008}
}
